@article{ral_tr_2015_007,
  title = {Developments in MANTID relating to indirect inelastic spectroscopy between July 2014 - July 2015},
  author = {D Nixon},
  publisher = {Rutherford Appleton Laboratory, UK},
  journal = {Technical Report RAL-TR-2015-007},
  year = {2015}
}

@misc{gutenberg,
  title = "The Project Gutenberg EBook of Standard Selections",
  howpublished = "\url{http://www.gutenberg.org/files/19926/19926-h/19926-h.htm}",
  note = {accessed 18/10/2015}
}
